@incollection{NIPS2017_7062,
title = {A Unified Approach to Interpreting Model Predictions},
author = {Lundberg, Scott M and Lee, Su-In},
booktitle = {Advances in Neural Information Processing Systems 30},
editor = {I. Guyon and U. V. Luxburg and S. Bengio and H. Wallach and R. Fergus and S. Vishwanathan and R. Garnett},
pages = {4765--4774},
year = {2017},
publisher = {Curran Associates, Inc.}
}


@article{vstrumbelj2014explaining,
  title={Explaining prediction models and individual predictions with feature contributions},
  author={{\v{S}}trumbelj, Erik and Kononenko, Igor},
  journal={Knowledge and information systems},
  volume={41},
  pages={647--665},
  year={2014},
  publisher={Springer}
}

@INPROCEEDINGS{datta2016,
  author={Datta, Anupam and Sen, Shayak and Zick, Yair},
  booktitle={2016 IEEE Symposium on Security and Privacy (SP)}, 
  title={Algorithmic Transparency via Quantitative Input Influence: Theory and Experiments with Learning Systems}, 
  year={2016},
  volume={},
  number={},
  pages={598-617},
  doi={10.1109/SP.2016.42}}

@article{shapley1953value,
  title={A value for n-person games},
  booktitle={Contributions to the Theory of Games II},
  author={Shapley, Lloyd S and others},
  year={1953},
  publisher={Princeton University Press Princeton},
  pages={307-317}
}



@book{pawlowskymodeling,
  title={Modeling and Analysis of Compositional Data},
  author={Pawlowsky-Glahn, Vera and Egozcue, Juan Jos√© and Tolosana-Delgado, Raimon},
  publisher={John Wiley \& Sons},
  year={2015}
}

@article{aitchison1982,
 author = {John Aitchison},
 journal = {Journal of the Royal Statistical Society. Series B (Methodological)},
 number = {2},
 pages = {139--177},
 publisher = {[Royal Statistical Society, Wiley]},
 title = {The Statistical Analysis of Compositional Data},
 volume = {44},
 year = {1982}
}

@incollection{aitchison2001,
    author = {John Aitchison},
    title = {Simplicial inference},
    booktitle =     {Algebraic Methods in Statistics and Probability},
    editor =    {Marlos A. G. Viana, Donald St. P. Richards (eds.) Ams Special Session on Algebraic Methods in Statistics},
    publisher = {American Mathematical Society},
    year =      {2001},
    series =    {Contemporary Mathematics 287}
}


@article{egozcue2003isometric,
  title={Isometric logratio transformations for compositional data analysis},
  author={Egozcue, Juan Jos{\'e} and Pawlowsky-Glahn, Vera and Mateu-Figueras, Gl{\`o}ria and Barcelo-Vidal, Carles},
  journal={Mathematical geology},
  volume={35},
  number={3},
  pages={279--300},
  year={2003},
  publisher={Springer}
}

@article{pedregosa2011scikit,
  title={Scikit-learn: Machine learning in Python},
  author={Pedregosa, Fabian and Varoquaux, Ga{\"e}l and Gramfort, Alexandre and Michel, Vincent and Thirion, Bertrand and Grisel, Olivier and Blondel, Mathieu and Prettenhofer, Peter and Weiss, Ron and Dubourg, Vincent and others},
  journal={the Journal of machine Learning research},
  volume={12},
  pages={2825--2830},
  year={2011},
  publisher={JMLR. org}
}
